<?xml version="1.0" encoding="UTF-8"?><record xmlns="http://www.loc.gov/MARC21/slim" xmlns:cinclude="http://apache.org/cocoon/include/1.0" xmlns:zs="http://www.loc.gov/zing/srw/">
  <leader>00353nz  a2200133n  4500</leader>
  <controlfield tag="001">no2012090578</controlfield>
  <controlfield tag="003">DLC</controlfield>
  <controlfield tag="005">20120707075206.0</controlfield>
  <controlfield tag="008">120705n| acannaabn          |n aaa     c</controlfield>
  <datafield tag="010" ind1=" " ind2=" ">
    <subfield code="a">no2012090578</subfield>
  </datafield>
  <datafield tag="035" ind1=" " ind2=" ">
    <subfield code="a">(OCoLC)oca09241766</subfield>
  </datafield>
  <datafield tag="040" ind1=" " ind2=" ">
    <subfield code="a">InNd</subfield>
    <subfield code="b">eng</subfield>
    <subfield code="c">InNd</subfield>
  </datafield>
  <datafield tag="100" ind1="1" ind2=" ">
    <subfield code="a">Lenzen, Christine Hinz</subfield>
  </datafield>
  <datafield tag="670" ind1=" " ind2=" ">
    <subfield code="a">(Re)collections, 2012:</subfield>
    <subfield code="b">t.p. (Christine Hinz Lenzen)</subfield>
  </datafield>
</record>